
@article{LinAll,
  title={All-optical machine learning using diffractive deep neural networks},
  author={Lin, Xing and Rivenson Yair and Yardimci Nezih T. and Veli Muhammed and Luo Yi and Jarrahi Mona and Ozcan Aydogan},
  journal={Science},
  pages={eaat8084-},
}

@article{ShenDeep,
  title={Deep learning with coherent nanophotonic circuits},
  author={Shen, Yichen and Harris, Nicholas C. and Skirlo, Scott and Prabhu, Mihika and Baehr-Jones, Tom and Hochberg, Michael and Sun, Xin and Zhao, Shijie and Larochelle, Hugo and Englund, Dirk and },
  journal={Nature Photonics},
}